@book{galton1883inquiries,
  title={Inquiries Into Human Faculty and Its Development},
  author={Galton, F.},
  lccn={nuc87500517},
  url={https://books.google.com.mx/books?id=0BdjGirCpugC},
  year={1883},
  publisher={Macmillan}
}

@book{courgeau2012probability,
  title={Probability and Social Science: Methodological Relationships between the two Approaches},
  author={Courgeau, D.},
  isbn={9789400728783},
  series={Methodos Series},
  url={https://books.google.com.mx/books?id=UqjQXoR19WYC},
  year={2012},
  publisher={Springer Netherlands}
}

@book{stewart2009probability,
  title={Probability, Markov Chains, Queues, and Simulation: The Mathematical Basis of Performance Modeling},
  author={Stewart, W.J.},
  isbn={9781400832811},
  url={https://books.google.com.mx/books?id=ZfRyBS1WbAQC},
  year={2009},
  publisher={Princeton University Press}
}

@book{ross2006introduction,
  title={Introduction to Probability Models},
  author={Ross, S.M.},
  isbn={9780123756879},
  lccn={2009040399},
  url={https://books.google.com.mx/books?id=0yDAZf1TfJEC},
  year={2006},
  publisher={Elsevier Science}
}

@online{mathworld2020BivariateNormal,
  author = {Wolfram MathWorld},
  title = {Bivariate Normal Distribution},
  year = 2020,
  url = {http://mathworld.wolfram.com/BivariateNormalDistribution.html},
  urldate = {2020-02-10}
}
